2792 4767
1159 491 1246 513 a-..a-
1377 460 1425 520 8
1544 490 1629 511 ...-

558 644 968 709 versantibus
1007 644 1074 710 ln
1115 644 1508 729 geographia
1548 640 1777 705 veteri·
1794 658 1871 704 ea
1898 658 2019 704 una
2046 644 2211 707 ratio
2252 644 2433 708 nobis·

358 754 690 836 proposita
731 771 870 815 esse
912 751 1106 815 debet
1125 798 1144 831 ,
1184 758 1257 814 ut
1294 747 1611 815 terrarum
1652 748 2115 830 descriptarum
2154 752 2434 833 effigiem

349 872 440 925 ‘ex
479 864 621 943 ipso
663 862 980 941 scriptore
1027 866 1390 941 repetamus
1408 904 1429 937 ,
1490 876 1633 920 cum
1685 858 1824 919 aliis
1883 856 2113 920 deinde
2155 876 2432 941 ›geogra-

358 968 506 1049 phis
547 968 812 1047 antiquis
855 967 1249 1029 conferamus
1295 972 1362 1030 et
1405 972 1725 1048 postremo
1768 980 1911 1025 cum
1950 966 2297 1027 recentiori
2327 978 2435 1027 ea-

277 1074 280 1079 ’
355 1072 623 1137 rundem
661 1080 973 1135 ter-rarum
1015 1076 1374 1154 cognitione
1418 1052 1895 1156 componamus,
1934 1077 2181 1134 rectum
2221 1073 2435 1153 prola-³

356 1182 488 1243 turi
515 1180 822 1259 judicium
862 1184 888 1219 ⁸
911 1177 958 1265 )
1073 1181 1238 1243 Eum
1289 1183 1487 1263 igitur
1540 1180 1829 1242 ordinem
1868 1180 1986 1241 bac
2029 1181 2097 1241 in
2138 1178 2437 1242 disserta·-

355 1289 528 1349 tione
569 1294 898 1351 secuturus
937 1308 1075 1350 sum
1096 1334 1116 1365 ‚
1173 1294 1246 1351 ut
1297 1289 1496 1361 altera
1548 1292 1683 1367 ejus
1736 1291 1919 1368 parte
1963 1296 2123 1381 quae
2162 1288 2435 1365 Pytheas

355 1396 498 1476 ipse
537 1396 834 1465 retulisse
873 1400 1143 1476 apparet
1182 1414 1528 1477 exponam,
1593 1395 1673 1455 de
1729 1414 1807 1455 eo
1847 1378 2145 1455 ‘veterum
2187 1394 2432 1473 judicia

358 1501 620 1564 afferam
665 1507 733 1563 et
785 1504 1168 1583 scriptorum
1220 1501 1395 1563 locos
1446 1502 1673 1563 critice
1723 1504 2023 1561 tractatos
2064 1492 2433 1581 adjungamz

357 1609 555 1671 altera
594 1610 1020 1670 recentiorum
1058 1610 1403 1672 sententias
1446 1608 1527 1669 de
1554 1608 1884 1669 itineribus
1926 1610 2061 1685 ejus
2105 1583 2171 1668 et
2206 1607 2427 1669 relatis

283 1742 291 1751 ·
353 1694 722 1778 recenseam
767 1723 833 1778 et
873 1722 1192 1797 postremo
1223 1716 1499 1799 denique
1536 1716 1679 1775 loco
1724 1733 1907 1794 quam
1934 1719 2247 1775 terrarum
2271 1697 2464 1795 coge-⁶

353 1824 658 1885 uitionem
695 1824 967 1901 Pytheas
1007 1822 1228 1886 habuit
1268 1836 1407 1885 cum
1446 1827 1659 1884 nostra
1714 1821 2055 1899 earundem
2094 1818 2427 1901 regionum

353 1932 575 1993 notitia
617 1950 990 2011 comparem.
1075 1927 1261 1995 Quod
1303 1930 1358 1993 si
1397 1922 1665 2009 Pytheas
1693 1950 1729 1991 a
1756 1929 2063 1999 nonnullis
2107 1927 2429 1989 erroribus

353 2052 480 2098 non
522 2036 708 2117 plane
767 2039 1029 2101 liberari
1081 2040 1403 2119 potuerit,
1464 2057 1542 2099 ex
1602 2024 1851 2134 ⁴l'olybii
1928 2040 2279 2116 praecepto
2330 2036 2357 2071 ⁹
2381 2032 2425 2121 )

353 2144 680 2205 maximam
719 2148 1026 2224 temporis
1076 2146 1385 2208 rationem
1424 2146 1727 2207 habentes
1779 2143 1861 2205 de
1903 2162 1979 2205 eo
2022 2160 2291 2222 aequum
2329 2141 2431 2205 fe⁴

309 2302 314 2313 ,
355 2268 564 2313 ramus
593 2250 924 2329 judicium.
1314 2230 1318 2243 ¹
1363 2227 1378 2241 ’
1627 2329 1635 2335 .
1708 2326 1713 2331 θ
1839 2266 1841 2269 ’
2360 2330 2363 2332 Α

339 2440 354 2453 ,
553 2356 836 2439 Pytheas
873 2363 926 2397 10
944 2356 990 2446 )
1049 2361 1456 2424 Massiliensis
1502 2359 1737 2421 dicitur
1760 2354 2106 2443 Hipparch.
2148 2344 2431 2421 ad'Arat.

353 2464 585 2547 phaen.
627 2466 677 2527 Ι.
715 2466 778 2527 4.
871 2466 1109 2528 Gemin-
1151 2469 1332 2529 elem.
1377 2473 1608 2529 astron.
1653 2486 1709 2528 c.
1752 2465 1815 2527 5.
1901 2465 2127 2529 Strabo
2168 2466 2211 2527 1.
2240 2464 2317 2527 Π.
2356 2482 2424 2543 Ρ.

419 2706 496 2773 8)
569 2705 746 2775 Quam
798 2704 1089 2770 rationem,
1141 2710 1305 2777 quum
1341 2722 1408 2758 ex
1440 2706 1606 2759 literis
1654 2665 1782 2759 iiide
1816 2704 2073 2759 restitutis
2121 2702 2181 2757 in
2214 2718 2433 2772 geogra-

350 2796 485 2870 phia
519 2797 687 2853 veteri
723 2814 820 2869 per
853 2799 1114 2851 nonnulla
1161 2799 1371 2853 saecula
1408 2799 1679 2851 contrario
1724 2800 1885 2871 plane
1922 2799 2083 2855 modo
2117 2799 2317 2852 versati
2352 2814 2439 2849 esa-

351 2898 506 2956 umt,
543 2892 625 2945 uti
664 2890 994 2961 Stephanus,
1036 2890 1301 2955 Ortelius,
1337 2892 1579 2955 Bestius,
1616 2893 1879 2963 Brietim,
1920 2890 2225 2955 Cluverius,
2266 2889 2440 2943 Cella?-

352 2983 496 3048 rius‚
537 2984 903 3048 D'Anvillius,
942 2984 1178 3054 aliique,
1219 3002 1355 3055 quos
1389 2984 1482 3039 hic
1518 3002 1791 3039 recensere
1826 2986 2045 3050 longum
2078 2990 2194 3047 est,
2236 3000 2267 3033 a
2302 2982 2435 3035 Fre-

341 3078 494 3129 ·retio
529 3083 585 3128 et
617 3074 936 3131 Schloezero
970 3077 1231 3149 imprimis
1265 3076 1559 3131 indicatam
1593 3072 1805 3144 videas,
1854 3078 2071 3144 egregiis
2106 3074 2283 3128 Vossii
2319 3082 2433 3127 stua-

356 3168 461 3223 diis
483 3168 762 3241 probatam
783 3208 800 3235 ‚
838 3188 870 3221 a
886 3168 1172 3225 Mannerto
1191 3170 1386 3225 deinde
1408 3206 1424 3235 ‚
1464 3173 1743 3227 Gosselino
1762 3210 1777 3235 ‚
1807 3172 2185 3225 Malte-Bruno
2205 3178 2259 3221 et:
2283 3184 2436 3237 mag·

357 3281 432 3317 na
467 3259 772 3319 constantia
809 3264 877 3315 ab
915 3257 1151 3317 Uckerto
1186 3252 1539 3319 observatam.
1628 3259 1831 3325 Dellilii
1870 3264 1936 3317 de
1972 3263 2304 3336 geographia
2340 3279 2437 3317 ve-

305 3364 317 3378 ·
359 3364 532 3411 terum
567 3357 833 3409 sententia
881 3365 1122 3411 »terram
1159 3360 1329 3431 qualis
1365 3360 1598 3430 ipsorum
1632 3368 1873 3431 tempore
1922 3368 2063 3416 esset
2096 3376 2128 3411 a
2162 3356 2433 3413 veteribus

359 3458 610 3506 accurate
643 3449 902 3527 describi,
940 3452 1224 3523 posteriori
1257 3472 1385 3508 vero
1420 3462 1661 3525 tempore
1694 3451 1954 3525 paulatim
1990 3452 2323 3506 immutatam
2353 3447 2435 3502 fu-

356 3546 460 3599 isse
487 3566 516 3595 α
553 3560 624 3597 an
659 3544 969 3597 etiamnunc
1003 3542 1232 3608 habeat,
1273 3546 1369 3617 qui
1402 3546 1701 3600 universam
1736 3555 2057 3621 sequantur,
2096 3544 2294 3599 nescio.
2350 3534 2434 3597 cf'.

365 3638 566 3693 Ucltert
599 3639 662 3703 1,
690 3629 731 3691 ‘1
753 3674 770 3701 ‚
807 3655 862 3707 p.
884 3637 959 3689 lx
993 3654 1071 3707 sq*
1145 3638 1250 3691 Sed
1284 3657 1604 3713 quamquam
1649 3642 1842 3709 egregii
1876 3641 1917 3693 ii
1951 3640 2051 3697 viri
2087 3641 2145 3693 in
2183 3637 2436 3711 operibus

357 3733 465 3785 suis
501 3731 646 3782 illam
682 3729 943 3781 rationem
983 3726 1042 3783 in
1077 3731 1382 3785 universum
1418 3734 1809 3807 sequebantur,
1865 3735 1924 3786 in
1958 3733 2312 3803 singularibus
2347 3740 2436 3783 ta*

305 3808 310 3814 ¹
358 3842 484 3879 men
517 3820 810 3897 praecipue
843 3821 1284 3893 inquisitionibus
1329 3828 1617 3881 nonnullos
1664 3827 2055 3885 animadvertas
2091 3846 2124 3882 a
2158 3820 2433 3881 constanti

358 3926 414 3972 et
449 3927 608 3973 cauta
643 3918 850 3969 ratione
883 3915 1150 3969 interdum
1186 3920 1477 3974 recessisse..

427 4014 506 4080 9)
577 4010 766 4079 Polyb.
805 4010 920 4076 111,
979 4013 1064 4067 58.
1101 4010 1188 4065 ed.
1225 4012 1518 4082 Schweigh.
1554 4021 1595 4067 t.
1632 4015 1688 4078 1,
1726 4032 1779 4086 p.
1817 4015 1921 4072 514
1956 4035 2035 4089 ες.

431 4106 534 4175 10)
605 4104 904 4157 Cleomedis
949 4106 1074 4157 loco
1105 4104 1324 4157 laudato
1348 4123 1437 4159 ex
1469 4106 1719 4161 codicum
1753 4112 2073 4165 auctoritate
2105 4112 2308 4171 1121&oe
2338 4100 2433 4163 τὸν

360 4196 643 4273 φιλόσοφον
661 4198 960 4265 legebatur,
1000 4212 1140 4270 quae
1161 4198 1452 4255 accusativi
1475 4200 1644 4252 forma
1663 4204 2052 4257 nominativum
2068 4200 2291 4266 Πυθεύς
2312 4213 2437 4271 pos-

352 4283 573 4347 tularet·
644 4292 826 4366 Quum
857 4308 987 4351 vero
1021 4291 1253 4346 nesciam
1271 4330 1292 4358 ‚
1330 4292 1428 4347 ubi
1462 4294 1563 4349 iste
1588 4296 1950 4353 nominativus
1970 4296 2285 4366 reperiatur,
2320 4299 2435 4355 Πυ-
