2792 4767
1202 262 1734 335 -124-1-

432 470 622 525 tamen
650 464 1137 548 praetereundum
1178 470 1287 538 est,
1329 468 1484 539 quod
1507 468 1854 541 interpretes
1882 484 2114 541 quoque
2144 467 2534 527 Parisienses

430 577 557 641 τοῖς
595 568 877 651 λεχθεῖσιν
916 591 1203 649 personas
1230 576 1681 649 intellexerunt,
1725 578 1836 633 sed
1877 576 2219 635 remotiores
2263 571 2532 633 'Strabo-

308 686 325 700 ‘
434 702 561 743 nem
623 701 779 781 oum¹
811 686 1112 758 discipulis
1170 687 1484 759 aliquoties
1541 704 1717 759 supra
1777 670 2144 747 memoratis..
2210 688 2532 745 Praestitit

432 810 694 869 quoqne,
749 795 805 881 'si
862 796 921 852 id
980 782 1318 871 significare
1358 798 1676 870 voluIsset,
1737 788 1906 851 οὐδὲν
1949 788 2037 850 δεῖ
2076 788 2210 869 ἡμῖν
2251 798 2355 853 vel
2393 798 2538 863 τοῖς

434 898 568 979 περὶ
607 896 759 979 ἡμᾶς
798 903 913 963 dici
953 910 1127 978 atque
1162 908 1311 965 illud
1350 907 1558 966 iterum
1598 908 1750 964 male
1791 908 2065 977 haberet,
2127 908 2278 977 quod
2320 907 2360 962 ii
2401 924 2530 963 cu·-

432 1028 567 1070 rare
628 1028 741 1071 non
803 1015 1117 1089 deberent,
1176 1033 1251 1073 an
1310 1017 1622 1074 remotiora
1663 1016 1910 1073 habitari
1955 1021 2232 1087 possent:
2301 1020 2530 1077 Strabo
2647 1074 2653 1080 ,,

438 1122 589 1179 enim
630 1104 939 1183 hanorem
982 1126 1125 1181 satis
1167 1126 1520 1199 respiciebat
1562 1129 1641 1183 cf.
1689 1130 1753 1198 1,
1796 1144 1850 1199 p.
1897 1120 1997 1183 20.
2045 1118 2180 1205 193.
2222 1121 2328 1199 11,
2373 1118 2520 1184 199.

438 1222 581 1292 314.
626 1226 769 1291 352.
830 1240 987 1293 Sane
1046 1223 1209 1293 aliud
1270 1242 1362 1293 est
1419 1237 1791 1311 geographos
1833 1235 2077 1291 credere
2120 1252 2242 1322 ιιοιιι
2281 1236 2518 1311 debere,

437 1336 607 1427 tidem
667 1341 911 1415 habere,
966 1336 1279 1417 πιστεύειν,
1338 1347 1466 1417 sed,
1504 1347 1640 1404 talis
1693 1361 1908 1403 sensus
1967 1338 2284 1417 φροντίζειν
2334 1347 2519 1401 verbo

438 1450 640 1509 inesse
681 1462 799 1511 non
838 1457 1051 1527 potest.
1126 1456 1217 1511 Ne
1258 1462 1451 1513 tamen
1493 1472 1621 1514 mea
1687 1456 2130 1542 qualiscunque,
2161 1458 2250 1511 est
2286 1456 2358 1511 de
2398 1456 2544 1511 hoc·
2607 1527 2618 1533 -

422 1561 571 1633 ,loco
611 1562 897 1620 sententia
938 1562 1123 1620 minus
1184 1568 1346 1622 recte
1384 1565 1769 1640 intelligatur,
1810 1566 1926 1623 loci
1969 1565 2152 1623 totius
2187 1580 2514 1622 connexum

436 1670 781 1731 brevissime
822 1688 1125 1746 exponam.
1212 1678 1494 1746 Pytheam
1539 1675 1971 1735 Massiliensem
1995 1676 2228 1732 Thulen
2269 1678 2325 1731 et
2361 1689 2515 1745 quae

439 1792 574 1839 oum
615 1794 687 1838 ea
727 1782 926 1841 insula
965 1784 1024 1839 in
1069 1785 1274 1842 eodem
1316 1784 1600 1858 parallelo
1636 1784 1909 1863 jacerent
1949 1800 2054 1856 pro
2081 1783 2514 1856 septentrionali
2554 1800 2568 1813 '

437 1892 551 1948 fine
591 1889 693 1965 τῆς
733 1886 1073 1967 οἰκουμένης
1114 1894 1406 1949 habuisse.
1476 1895 1600 1949 Sibi
1626 1910 1770 1951 vero
1813 1895 1958 1951 illud
2001 1883 2182 1969 πέράς
2220 1886 2282 1947 τὸ
2329 1908 2516 1967 προσ-

435 1992 675 2074 ἄρκτιον
716 2002 899 2059 multo
940 2002 1127 2076 magis
1169 2003 1462 2059 meridiem
1508 2011 1718 2059 versus
1759 2003 2157 2059 eollocandum
2197 2000 2400 2072 videri,
2451 1999 2514 2055 in

438 2108 633 2167 insula
676 2111 958 2168 Hibernia
997 2130 1034 2168 a
1076 2114 1215 2167 reris
1270 2112 1596 2170 hominibus
1654 2112 1998 2170 inhabitata.
2081 2112 2347 2167 Eundem
2387 2112 2516 2179 Py-

367 2222 372 2229 '
440 2219 634 2274 theam
671 2216 1007 2289 Hipparcho
1041 2219 1262 2275 erroris
1304 2191 1504 2277 ansam
1543 2222 1950 2295 suppeditasse
1991 2220 2048 2277 in
2086 2221 2370 2293 parallelo
2411 2235 2517 2291 per

443 2314 795 2396 Byzantium
854 2330 913 2383 et
970 2328 1295 2385 Massiliam
1352 2330 1796 2407 constituendo.¹
1867 2334 1965 2387 Ex
2020 2330 2278 2388 locorum
2323 2335 2542 2401 autem,

443 2434 716 2493 distantia
758 2450 1059 2509 apparere,
1102 2436 1452 2505 Byzantium
1479 2440 1671 2513 magis
1688 2441 2138 2513 septentrionale
2170 2454 2304 2495 esse
2347 2454 2518 2510 quam

442 2542 791 2605 Massiliam.
864 2546 1079 2617 Neque
1106 2546 1383 2615 Pytheam
1429 2564 1618 2622 neque
1659 2550 1759 2622 qui
1799 2551 1985 2608 secuti
2031 2555 2230 2606 essent
2269 2548 2519 2621 spatium

444 2670 561 2726 qno
589 2651 891 2711 Britannia
934 2658 995 2709 et
1016 2654 1300 2713 Hibernia
1340 2657 1495 2713 inter
1532 2674 1602 2715 se
1643 2659 1927 2718 distarent
1967 2659 2287 2731 indicasse,
2329 2672 2518 2731 neque

444 2761 508 2820 in
550 2761 892 2820 universum
934 2764 1299 2840 respexisse,
1344 2784 1419 2823 an
1455 2764 1735 2826 Hibernia
1778 2770 2066 2829 ulteriora
2109 2762 2303 2825 adhue
2345 2742 2520 2825 habi-

444 2872 555 2933 tari
597 2878 857 2945 possent.
931 2877 1023 2932 Se
1065 2890 1207 2932 vero
1249 2877 1306 2932 in
1346 2878 1626 2937 Hibernia
1650 2878 1768 2955 τῆς
1805 2876 2139 2955 οἰκουμένης
2179 2881 2364 2936 finem*
2388 2884 2520 2936 sta-

445 2981 656 3054 tuisse,
698 2982 873 3039 sieuti
912 2998 1097 3056 supra
1137 2986 1409 3061 Meroen,
1448 2988 1530 3045 ita
1569 3004 1750 3061 supra
1792 2990 2144 3049 Britanniam
2187 2989 2298 3046 tria
2337 2987 2520 3044 millia

448 3091 779 3181 stadiorum·
805 3092 907 3147 vel
945 3094 1125 3165 paulo
1167 3096 1339 3165 plura
1392 3104 1780 3174 asserentem,
1837 3106 2138 3173 praeterea
2165 3084 2517 3171 'persuasum

444 3202 769 3278 habentem,
811 3218 885 3259 ex
926 3217 1126 3260 earum
1162 3207 1452 3274 terrarum
1495 3208 1826 3281 cognitione
1871 3224 2069 3281 parum
2111 3207 2376 3265 utilitatis
2415 3222 2519 3262 re-

448 3308 836 3369 dundaturum
878 3326 1029 3369 esse.
1111 3315 1416 3371 Caeterum
1460 3316 1512 3373 si
1556 3332 1686 3375 mea
1743 3318 2077 3392 explicandi
2135 3316 2289 3375 ratio
2333 3314 2519 3373 minus

444 3418 761 3493 probabilis
815 3420 1119 3496 videatur,
1178 3424 1239 3481 id
1282 3442 1463 3484 unum
1507 3429 1698 3486 adhuc
1735 3428 1906 3486 'nobis
1948 3426 2220 3487 relictum
2263 3432 2392 3496 est,
2454 3431 2521 3482 ut

446 3530 571 3596 τοῖς
604 3522 806 3587 ἐπάνω
837 3522 1083 3607 λεχθεῖσι
1118 3536 1192 3591 ab
1227 3535 1422 3609 aliquo
1455 3536 1693 3595 librario
1728 3537 1956 3609 adjecta
1989 3552 2122 3603 esso
2153 3508 2516 3593 censeamus.

608 3642 742 3699 Jam
782 3628 1143 3716 rideamus,
1186 3634 1448 3717 ¹qualem
1521 3647 1836 3721 Hipparchi
1903 3622 2252 3705 sententiam
2311 3619 2520 3702 Strabo

352 3830 363 3835 -
444 3747 801 3823 impugnet..
866 3749 1235 3823 Hipparchus
1293 3756 1535 3813 eandem
1593 3754 1904 3829 gnomonis
1941 3752 2065 3828 ¹1¹)
2127 3772 2259 3827 cum
2319 3754 2522 3835 umbra

516 4004 644 4071 11])
666 4004 745 4055 De
775 4004 987 4057 ratione
1010 4013 1271 4072 veterum,
1298 4010 1552 4063 ’lo'corum
1577 4010 1746 4062 situm
1769 4028 1836 4062 ex
1861 4011 2146 4081 gnomonis
2179 3985 2538 4079 proportione.

444 4116 570 4151 cum
618 4100 817 4152 umbra
866 4100 1186 4166 definiendi,
1234 4120 1399 4171 quam
1449 4123 1514 4157 ex
1564 4106 1684 4177 ipsa
1733 4105 1888 4159 Ionia
1921 4104 2228 4157 Massiliam
2281 4105 2519 4157 delatam

441 4210 554 4247 esse
577 4194 922 4261 Bruclrnerus
949 4196 1186 4263 conjicit,
1212 4212 1318 4250 non
1340 4199 1474 4254 satis
1509 4206 1762 4257 accurata
1796 4204 1868 4255 cf.
1905 4201 2158 4255 Mannert
2182 4208 2221 4255 t.
2245 4202 2293 4266 1,
2327 4200 2517 4269 p.']12.
