2792 4767
305 508 767 574 Diouem-chum
847 506 1230 571 Messeniam
1273 506 1346 589 ⁴)
1422 467 1577 573 ¹uuo
1668 510 1974 593 opusculo
2009 474 2020 481 ἢ
2054 477 2227 577 inter
2308 532 2383 579 sa
2465 452 2487 481 x

242 669 246 673 ,
305 620 750 699 conjungerem
831 617 1256 698 cogitaveram
1333 634 1593 697 quoque
1658 616 2140 685 Massiliensium
2216 640 2387 685 mer-

302 730 586 789 caturam
625 729 695 787 et
729 724 1190 807 navigationem
1225 723 1300 806 ⁸)
1361 722 1729 789 describere
1768 730 1994 835 aquen,
2034 727 2207 810 quod
2246 748 2385 793 mo-

371 966 448 1038 4)
528 968 702 1037 liujus
735 966 1049 1041 philosophi
1100 979 1133 1022 a
1167 970 1437 1025 veteribus
1472 987 1678 1025 summa
1719 970 1879 1025 laude
1922 968 2054 1027 elati
2086 974 2387 1043 fragmenta

303 1060 372 1115 A.
403 1061 777 1115 Burmannus
827 1062 1194 1117 recentissimo
1247 1072 1492 1136 ternpore
1528 1066 1779 1132 colligere
1812 1065 2055 1137 incepit,
2090 1066 2417 1123 disserturi--

305 1170 414 1209 one
451 1154 520 1209 de
551 1154 890 1211 Dicaearcho
923 1158 1148 1229 ejusque
1181 1158 1437 1230 operibus
1470 1174 1609 1229 quae
1646 1164 1759 1231 βίος
1784 1154 2041 1229 Ἑλλάδος
2072 1168 2131 1215 et
2152 1158 2389 1235 ἇναγρα-

305 1247 380 1323 φῆ
409 1244 665 1317 Ἑλλάδος
699 1249 1069 1307 inscribuntur
1101 1249 1264 1306 edita.
1307 1236 1602 1319 Numburgi
1639 1254 1791 1311 1832.
1827 1251 1880 1309 4.
1969 1255 2097 1325 Quo
2143 1254 2202 1307 in
2246 1254 2390 1307 libro

253 1396 259 1399 .
304 1336 574 1417 ἇναγραφή
609 1343 944 1397 Dicaearcho
980 1344 1304 1399 vindicatur.
1375 1346 1459 1397 De
1496 1362 1659 1417 opere
1681 1362 1808 1401 vero
1829 1384 1845 1413 ,
1886 1346 1975 1401 cui
1996 1353 2110 1421 βίος
2135 1343 2394 1413 Ἑλλάδος

304 1434 732 1501 inscribebatur,
770 1436 1033 1489 nonnulla
1067 1434 1195 1491 satis
1237 1416 1545 1509 probabilia
1580 1437 1921 1493 disseruntur.
1997 1441 2081 1497 ‚In
2112 1438 2399 1491 tractatio-

305 1546 380 1582 ne
412 1536 589 1583 autem
624 1536 892 1583 textorum
931 1530 1119 1583 critica
1141 1569 1158 1594 ,
1194 1530 1506 1603 praesertim
1542 1530 1824 1600 fragmenti
1873 1530 2090 1602 majoris
2136 1528 2288 1605 quod
2323 1522 2417 1583 ex⁴

305 1622 570 1677 Graeciae
604 1622 718 1677 vita
753 1632 1016 1679 servatum
1051 1631 1164 1689 est,
1200 1624 1348 1679 haud
1379 1642 1559 1699 pauca
1592 1624 1857 1681 desidero.
1950 1642 1961 1655 ·

300 1746 304 1751 ·
368 1716 442 1789 5)
526 1717 611 1770 De
645 1728 943 1773 mercatura
980 1718 1426 1785 Massiliensium,
1474 1735 1637 1792 quam
1672 1734 1739 1771 ex
1772 1734 1964 1785 magna
2007 1726 2161 1793 parte
2196 1724 2397 1771 terres-

303 1818 442 1865 trem
479 1826 694 1885 quoque
729 1811 1086 1878 exercebant,
1124 1811 1194 1867 cf.
1229 1812 1394 1868 Diod.
1430 1815 1541 1869 Sic.
1574 1812 1855 1867 nonnullis
1898 1812 2035 1867 locis
2080 1812 2151 1865 ab
2188 1811 2398 1867 Ucker-

307 1911 370 1957 to
405 1912 444 1959 t.
481 1905 543 1973 Ι,
584 1911 613 1961 1
635 1945 653 1973 ,
687 1924 750 1978 p.
784 1909 852 1963 52
887 1907 1121 1961 laudatis
1144 1948 1162 1973 ‚
1220 1906 1290 1961 de
1338 1924 1524 1961 eorum
1571 1906 1913 1973 navigatione
1960 1906 2110 1960 Caes.
2155 1904 2213 1958 b.
2249 1920 2296 1958 c.
2333 1904 2397 1970 1,

311 2001 400 2055 58.
440 1999 526 2063 11,
560 1996 616 2054 ’4.
653 1998 828 2053 Strab.
865 2002 979 2067 IV,
1017 1999 1060 2073 §-
1097 2003 1148 2057 5.
1186 2000 1269 2054 ed.
1306 1999 1474 2054 Tzch.
1512 2001 1713 2054 Lucan.
1750 2000 1933 2055 Phara.
1971 2000 2086 2064 111,
2122 2000 2245 2055 592.
2284 1998 2399 2053 Uc-

311 2089 435 2145 kert
469 2092 527 2157 1,
567 2096 628 2158 1,
658 2078 732 2165 Ῥ.
778 2096 846 2153 55
886 2112 966 2165 sq.
1049 2094 1457 2161 Navigationem
1504 2092 1917 2147 Massiliensium
1963 2089 2113 2145 haud
2160 2092 2408 2161 exiguam

314 2182 517 2250 fuisse,
572 2186 736 2239 etiarn
781 2186 984 2241 multae
1031 2186 1100 2239 ab
1150 2188 1516 2242 iisconditae
1562 2187 1812 2240 coloniae
1856 2185 1982 2239 satis
2026 2192 2297 2239 testantur
2332 2184 2406 2255 cf.

315 2277 460 2345 Scyl.
514 2270 602 2332 ed.
647 2278 910 2336 claussen
953 2298 1006 2353 p.
1062 2281 1177 2337 164.
1231 2280 1429 2335 Strabo
1473 2282 1510 2333 l.
1548 2269 1664 2346 11'1,
1708 2298 1764 2352 p.
1797 2278 1919 2335 424.
1955 2279 2076 2335 427.
2112 2277 2196 2332 ed.
2232 2276 2411 2332 Tach.

316 2369 534 2440 Scymn.
569 2370 670 2425 Ch.
715 2364 925 2444 p‘erieg..
963 2391 1014 2426 v·
1050 2376 1157 2429 200
1203 2393 1319 2448 sqq.
1410 2376 1693 2429 Caeterum
1744 2391 1856 2445 quo
1905 2372 2168 2442 Pytheam
2210 2370 2413 2427 vixisse

313 2464 673 2537 probabiliter
704 2470 1030 2531 statuemus,
1069 2482 1135 2518 eo
1172 2464 1291 2537 ipso
1327 2474 1569 2537 tempore
1605 2483 1687 2521 res
1736 2464 2154 2521 Massiliensium
2200 2466 2416 2519 navalis
2488 2536 2493 2547 Ι

316 2558 546 2612 maxime
579 2546 825 2613 floruisse
861 2556 1109 2624 videtur,
1146 2558 1308 2625 licet,
1346 2568 1411 2613 ut
1433 2558 1696 2614 Uckertus
1730 2562 1777 2627 1,
1814 2579 1869 2633 p.
1892 2566 1976 2626 2.,
2013 2579 2067 2633 Ρ.
2102 2560 2227 2616 305.
2260 2566 2415 2613 recte

317 2652 558 2716 monuit,
613 2653 766 2705 nullo
821 2661 1062 2706 veterum
1113 2652 1241 2706 loco
1288 2661 1567 2715 testante,
1625 2654 1940 2725 neutiquam
1997 2651 2127 2707 inde
2178 2658 2417 2705 statuere

318 2743 580 2817 possimus
614 2743 874 2813 Pytheam
908 2752 964 2797 et
997 2744 1390 2814 Euthymenem
1428 2746 1497 2799 ab
1533 2745 1649 2818 ipsa
1684 2745 1963 2819 republica
1998 2746 2185 2799 missos
2230 2740 2417 2798 luisse}

254 2888 261 2895 ,
320 2820 602 2892 Praeterea
633 2846 961 2911 repugnaret
1009 2838 1159 2911 quod
1194 2856 1261 2891 ex
1296 2850 1480 2894 nostro
1519 2838 1745 2893 arbitrio
1780 2857 1895 2893 nou
1940 2836 2292 2907 rejiciendum
2328 2844 2416 2887 est

322 2930 538 2999 Polybii
571 2933 936 2985 testimonium
973 2932 1228 3001 Pytheam
1264 2929 1469 3004 ἰδιώτην
1504 2934 1841 3005 appellantis.
1924 2934 2278 3003 Quantopere
2313 2942 2416 2975 au-

321 3030 433 3076 tem
467 3022 704 3077 Massilia
739 3025 982 3079 floruerit
1017 3032 1070 3078 et
1106 3024 1386 3097 republica
1434 3026 1575 3079 bene
1612 3028 1903 3080 constituta
1939 3031 1994 3074 et
2037 3020 2207 3072 literis
2242 3014 2417 3067 maxi-

323 3133 410 3171 me
446 3117 670 3172 excultis
706 3118 814 3189 (de
852 3118 1071 3187 egregiis
1107 3117 1308 3183 Gallis,
1345 3120 1497 3191 quod
1533 3117 1603 3170 ad
1637 3119 1911 3171 literarum
1948 3114 2156 3169 cultum
2192 3109 2439 3173 attinet„

327 3222 386 3265 et
416 3221 477 3265 ut
510 3211 761 3279 videtur,
815 3230 883 3266 ex
925 3212 1207 3286 provincia
1253 3204 1594 3265 Narbon'ensi
1640 3207 1881 3263 oriundis
1929 3203 2239 3281 [Massiliae
2276 3201 2417 3257 civi-

235 3306 240 3311 ’
325 3303 470 3360 bus?
521 3306 656 3360 nist.
694 3306 814 3373 gen.
851 3305 918 3359 de
968 3306 1240 3358 Provence
1274 3323 1328 3375 p.
1376 3302 1569 3376 5641,
1628 3310 1688 3359 ut
1733 3302 1801 3355 de
1844 3301 2019 3356 Lucio
2066 3298 2290 3361 Plotio,
2332 3297 2417 3351 M.

323 3402 579 3455 Antonio
610 3397 894 3472 Gniphone
912 3437 937 3463 ,
969 3400 1059 3453 cui
1094 3398 1483 3452 rhetoricorum
1518 3395 1587 3448 ad
1624 3398 1685 3453 C.
1721 3398 2053 3465 Herennium
2084 3400 2317 3465 quatuor
2350 3390 2429 3443 li-

249 3534 256 3540 .
329 3492 456 3547 bros
476 3492 761 3547 Schiitzius
797 3491 1181 3548 adscribendos
1215 3508 1328 3546 esse
1363 3492 1605 3555 censuit,
1646 3488 1871 3545 Valerio
1909 3490 2157 3549 Catone,
2191 3488 2253 3553 Q.
2280 3486 2423 3539 Ros-

332 3590 421 3643 cio
459 3586 722 3641 comoedo
760 3592 864 3639 etc.
903 3584 973 3639 cf.
1010 3583 1152 3642 Hist.
1183 3585 1266 3638 lit.
1314 3584 1382 3637 de
1416 3584 1637 3662 ‘Fr-auce
1672 3600 1726 3655 p.
1764 3584 1820 3636 1.
1855 3601 1909 3653 p.
1947 3584 2016 3638 71
2052 3572 2242 3653 sqq-J,
2282 3576 2420 3633 locis

331 3690 574 3737 veterum
608 3681 737 3735 satis
771 3678 952 3731 multis
988 3678 1340 3735 demonstrari
1373 3683 1575 3751 posset.
1644 3676 1729 3728 De
1764 3674 1897 3727 urbe
1930 3672 2167 3726 Massilia
2202 3670 2273 3725 cf.
2312 3668 2425 3723 Uc-

331 3776 455 3830 kert
489 3776 575 3831 11.
604 3781 678 3841 2,
713 3793 769 3847 Ρ.
805 3774 910 3828 422
943 3790 1062 3845 sqq.
1101 3792 1118 3841 3
1171 3771 1242 3827 de
1275 3772 1388 3839 ejus
1436 3768 1660 3823 historia
1709 3766 2032 3836 Heruli-sich
2065 3768 2101 3820 Ι.
2139 3766 2213 3832 1.,
2263 3764 2317 3818 J.
2352 3762 2418 3814 B.

338 3866 596 3934 Guesnay
627 3866 942 3939 provinciae
994 3864 1343 3932 Massiliensis
1387 3864 1627 3918 annales.
1677 3860 1922 3929 Lugduni
1957 3862 2112 3920 1687.
2182 3854 2421 3913 Histoire

339 3958 408 4013 de
443 3960 496 4012 la
529 3959 654 4015 ville
690 3960 758 4013 de
792 3957 1061 4013 Marseine
1095 3974 1196 4029 par
1227 3954 1392 4029 Ruffi
1425 3956 1692 4010 Massiliae
1732 3956 1881 4013 1696.
1916 3952 2152 4010 Histoire
2182 3947 2422 4003 literaire

339 4052 412 4107 sle
444 4054 648 4108 France
682 4062 722 4107 t.
758 4054 784 4106 1
803 4092 820 4119 ,
855 4070 912 4126 p.
930 4048 1018 4108 42.
1037 4066 1160 4123 sqq.
1225 4052 1308 4105 Μ.
1332 4050 1521 4103 Gibert
1538 4050 1699 4105 ruem.
1719 4066 1861 4123 pour
1892 4049 2059 4107 servir
2092 4046 2125 4100 a
2155 4041 2424 4099 l'histoire

345 4144 442 4201 des
477 4145 658 4202 Gauls.
693 4146 844 4203 Paris
882 4144 1050 4202 12744.-
1069 4150 1120 4205 8-
1206 4143 1442 4200 Histoire
1485 4144 1735 4214 gencrale
1779 4142 1849 4200 de
1884 4144 2160 4204 provence
2190 4144 2231 4217 t.
2268 4138 2325 4204 1,
2365 4152 2421 4209 p.
