2792 4767
473 391 516 450 l.
559 394 685 464 lv,
746 409 799 451 c.
845 386 945 453 30.
1003 390 1101 453 Et
1150 392 1226 451 ab
1286 394 1549 454 adverso
1607 396 1676 453 in
1739 390 2181 455 Germanicam
2229 412 2406 453 mare

312 491 577 549 sparsae
640 472 1033 548 Gleseariae,
1098 496 1258 557 qaae
1316 478 1678 538 Electridas
1738 477 1977 539 Graeci
2031 482 2402 542 recentiores

312 559 731 639 appellavere,
778 562 945 639 quod
977 561 1064 620 ibi
1086 562 1393 623 electrum
1433 568 1808 624 nasceretur.

472 639 921 718 1.1v,0.27.
973 642 1329 721 Glessarm,
1388 668 1430 707 a
1469 652 1719 707 succino
1761 646 2014 707 militiae
2053 644 2402 723 appellata,·

311 742 351 781 a
390 725 671 788 Barbarie
710 727 1077 807 Austravq‘a,
1135 739 1504 812 praeterque
1544 733 1830 795 Actania.
1923 736 2024 792 An
2048 735 2174 791 hoc
2198 748 2402 809 prae·-

310 815 526 891 terque
582 811 848 873 Actania
907 827 1037 874 cum
1082 820 1373 893 appellata
1433 828 1493 879 et
1556 819 1896 881 Glessaria
1923 816 2399 890 conjungendum
2508 822 2512 829 ’

310 895 417 969 sit,
460 900 728 959 dubitare
772 896 923 958 licet.

475 987 641 1053 Quae
700 984 793 1043 his
853 985 1119 1043 omnibus
1174 986 1237 1041 in
1296 984 1444 1043 locis
1503 1001 1582 1041 ex
1641 985 1697 1043 di
1809 1002 1892 1041 sis
1933 982 2320 1055 scriptoribus
2363 999 2402 1038 a

227 1089 247 1135 .'
312 1063 503 1131 Plinio
548 1069 719 1129 nobis
748 1070 1109 1141 reseruntur,
1144 1070 1485 1129 brevissime
1511 985 1920 1142 promimus·
1986 1069 2178 1127 Primo
2222 1066 2400 1123 Plinii
2465 1071 2475 1076 “

309 1148 477 1223 loco,
520 1160 834 1227 antequam
878 1156 1145 1225 efficiaS,
1204 1170 1490 1227 quaenam
1535 1154 1636 1210 illa
1680 1172 1798 1212 una
1841 1154 2038 1211 insula
2079 1171 2116 1209 a
2159 1151 2398 1211 Timaeo

308 1234 709 1311 significetur,
787 1239 988 1297 electri
1048 1239 1220 1313 copia
1281 1242 1570 1311 affluens,
1648 1255 1799 1313 quae
1873 1245 2029 1295 terra
2088 1235 2400 1296 Rauuouia

311 1322 561 1391 seythia
602 1322 1004 1397 intelligatur,
1048 1324 1157 1393 erit
1198 1324 1630 1397 exponendum.
1671 1327 1798 1391 ‚Ex
1841 1321 2132 1385 distantiis
2177 1334 2320 1379 vero
2360 1334 2400 1373 a

307 1406 481 1463 litore
522 1408 655 1465 inde
696 1409 982 1478 Scythico
1024 1407 1337 1479 indicatis,
1381 1424 1556 1479 quum
1601 1407 1684 1464 ita
1729 1407 1786 1463 in
1835 1406 2172 1463 universum
2214 1406 2398 1463 verbu

308 1492 481 1566 flant,
523 1508 599 1547 an
640 1492 855 1565 aliquid
898 1492 1048 1549 lucis
1096 1499 1353 1549 nostram
1399 1492 1470 1547 ad
1517 1507 1638 1547 rem
1683 1491 2013 1548 redundare
2055 1489 2240 1563 possit
2279 1488 2395 1543 du·-

308 1575 446 1635 bito.
521 1577 856 1651 Xenophon
886 1580 932 1635 1
938 1592 1321 1661 ampsacenus
1362 1575 1537 1634 tridui
1567 1575 1950 1673 navigatione
1980 1592 2015 1631 a
2043 1574 2396 1644 Scytharum

307 1660 481 1733 litore
523 1668 801 1719 remotam
843 1662 1318 1723 commemoravit
1350 1660 1600 1717 insulam
1633 1660 1949 1717 immensae
1984 1655 2397 1731 magnitudinis

308 1744 594 1817 Baitiam,
636 1747 696 1803 in
742 1763 856 1818 qua
901 1764 977 1803 an
1020 1746 1325 1803 succinum
1367 1746 1760 1817 reperiretur,
1808 1742 1950 1801 nihil
1997 1742 2232 1800 tradidit
2273 1754 2400 1795 me-

310 1824 547 1885 moriae.
634 1835 733 1888 Ex
785 1830 955 1887 Plinii
1000 1846 1143 1886 vero
1204 1830 1495 1885 sententia
1555 1831 1702 1885 haec
1737 1827 2167 1899 ,Xenophontis
2213 1822 2401 1881 Baltia

311 1913 512 1969 eadem
576 1922 668 1973 est
725 1915 955 1986 insula,
1014 1929 1191 1987 quam
1250 1914 1502 1969 Basiliae
1565 1912 1794 1969 nomine
1852 1913 2110 1981 Pytheas
2163 1908 2394 1981 siguifi-

307 1998 481 2054 cavit.
535 1994 655 2071 ¹2⁹)
748 2004 819 2057 ,Α
863 2003 1247 2057 Mentonomo
1290 2004 1482 2054 autem
1529 1999 2086 2067 Pythearet’erente
2127 1994 2240 2049 diei
2282 2008 2395 2047 na-

308 2080 616 2153 vigatione
657 2085 860 2141 aberat
884 2082 1113 2140 Abalus
1156 2083 1354 2155 insula
1390 2078 1480 2151 (c.
1516 2076 1594 2139 19
1635 2082 1790 2153 apud
1823 2080 2094 2145 solinum
2136 2073 2398 2134 Abale-ia

310 2160 717 2240 memoratur).
806 2169 893 2223 Eo
937 2182 1081 2243 vero
1125 2166 1259 2225 loco
1306 2172 1514 2231 utrum⁶
1541 2180 1644 2236 per
1683 2162 1832 2222 illuc
1875 2164 2008 2221 sive
2049 2165 2100 2219 si
2141 2162 2225 2219 ita
2268 2175 2399 2217 ma·-

306 2250 491 2306 luetis
546 2247 653 2307 illo
700 2250 935 2309 Abalus
994 2250 1189 2309 insula
1252 2250 1628 2323 significetur
1672 2264 1868 2308 annon
1909 2246 2110 2321 potius
2151 2250 2402 2304 Mento-

308 2346 517 2391 nomon
548 2334 922 2408 aestuarium,
963 2336 1131 2393 valde
1158 2319 1553 2392 dubitandum.
1631 2334 1859 2391 Plinius
1887 2334 2186 2390 Timaeum
2215 2332 2414 2386 refert

288 2410 513 2501 ,eodem
572 2421 739 2475 modo
810 2418 1089 2476 insulam
1124 2436 1161 2475 a
1220 2422 1614 2485 Μθιιιοιιοιιιος
1678 2418 1794 2475 diei
1867 2433 2048 2475 cursu
2126 2419 2404 2474 remotam

309 2484 822 2577 commemorasse,
882 2504 989 2559 sed
1046 2488 1353 2565 Basiliam
1396 2503 1914 2560 vocavisse.1n
1975 2498 2197 2557 Basilia
2258 2512 2404 2554 vero

308 2583 503 2642 insula
543 2586 851 2645 succinum
892 2586 1131 2658 reperiri
1163 2604 1319 2645 unus
1356 2587 1733 2643 Metrodorus
1777 2584 2061 2657 Scepsius
2105 2581 2402 2639 accuratis

310 2670 508 2727 verbis
560 2671 804 2728 monuit.
905 2672 1005 2729 Ad
1066 2673 1347 2729 electrum
1417 2686 1560 2727 vero
1622 2671 1873 2743 eiusque
1927 2668 2152 2741 copiam
2223 2672 2403 2762 atque

311 2754 509 2809 sedem
553 2750 895 2811 necessario
921 2754 1263 2811 referendas
1292 2756 1537 2811 dixerim
1567 2752 1928 2814 Mithridatis
1971 2752 2298 2808 osen-ictam
2344 2749 2403 2806 in

313 2839 663 2897 Germaniae
721 2835 991 2896 litoribus
1046 2838 1253 2909 sitam,
1316 2840 1458 2897 eles
1435 2838 1653 2895 sarias
1695 2856 1730 2894 a
1777 2818 2027 2896 Graecis
2069 2834 2402 2897 Electridas

310 2923 636 2992 appellatas
696 2926 752 2979 et
810 2921 965 2979 inter
1024 2938 1127 2979 eas
1188 2923 1571 2979 Αιιειιιιιίιιιιι
1653 2928 1712 2979 et
1776 2920 2089 2989 Actaniam
2154 2919 2398 2975 insulas.

312 3006 693 3063 Manifestum
757 3021 901 3061 vero
960 3006 1108 3063 satis
1168 3011 1294 3079 est,
1354 3022 1523 3077 quam
1569 3006 1798 3062 incerta
1841 3010 1900 3063 et
1941 3004 2120 3060 dubia
2161 3019 2234 3067 ea
2273 3002 2402 3074 ipsa

314 3090 503 3147 omnia
550 3088 783 3162 suerint,
828 3104 979 3161 quae
1024 3089 1253 3149 Plinius
1296 3092 1447 3163 apud
1492 3089 1816 3162 scriptores
1843 3090 2100 3147 Graecos
2143 3088 2215 3141 de
2257 3100 2403 3141 suc-2

314 3174 445 3231 cino
490 3175 739 3247 ejusque
782 3174 926 3231 sede
967 3181 1299 3246 repererat,
1361 3174 1512 3245 apud
1566 3174 1886 3243 Pytheam,
1931 3172 2406 3241 'Xenophontem
2501 3215 2509 3221 .

315 3249 791 3329 Lampsacenum,
812 3258 1109 3317 Timaeum
1140 3250 1199 3315 ct
1219 3257 1627 3328 Mithridaten,
1649 3257 1736 3314 ita
1768 3261 1832 3313 ut
1859 3255 1970 3325 ipsi
1999 3266 2284 3327 quaenam
2309 3252 2408 3309 in-
2435 3318 2444 3323 ‚

220 3366 227 3371 ·
314 3344 485 3399 sulae
542 3359 581 3398 a
633 3343 874 3401 Timaeo
937 3349 996 3403 et
1060 3343 1293 3413 Pythea
1354 3341 1610 3399 Basiliae
1671 3338 1902 3399 nomine
1962 3336 2406 3411 significentur,

314 3424 629 3483 divinando
672 3426 860 3485 fuerit
900 3426 1346 3499 conjiciendum.
1394 3421 1520 3497 1³⁰)
1590 3428 1720 3485 Nos
1762 3436 1908 3480 vero
1950 3422 2215 3495 ingenue
2258 3434 2406 3522 cou-

318 3528 1594 3549 Q*-

2429 3543 2458 3558 Nu

386 3581 512 3645 129)
548 3578 785 3632 Lelevel
824 3596 874 3646 p.
910 3588 995 3635 42.
1032 3596 1158 3632 eum
1196 3580 1376 3631 locum
1416 3578 1497 3631 ita
1531 3579 1790 3661 corrigit:
1831 3576 2162 3644 „Xenophon
2208 3576 2410 3641 Lamp·

316 3662 541 3699 succinus
588 3648 827 3701 insulam
894 3664 1009 3700 esse
1065 3648 1365 3713 immensae
1431 3646 1830 3717 magnitudinis
1881 3646 2206 3712 (Abuleium
2240 3644 2414 3697 trudit

272 3772 280 3778 ,
321 3720 547 3769 eandem
566 3718 838 3785 Pytheas)
875 3716 1144 3769 Basiliam
1179 3718 1444 3769 nominat.
2206 3746 2214 3752 -

326 3802 516 3864 '130)
551 3800 769 3861 ΠεΙιειῃ
807 3806 845 3850 t.
881 3800 969 3863 11,
1004 3812 1035 3855 2
1055 3818 1154 3867 ,p-
1192 3809 1276 3854 33.
1325 3788 1574 3852 Plinium
1609 3804 1789 3852 censet
1821 3814 1888 3850 ex
1913 3797 2322 3881 antiquioribus
2355 3800 2412 3845 et

321 3868 707 3935 posterioribus
740 3867 1098 3939 scriptoribus
1135 3877 1511 3936 excerpentem
1569 3885 1667 3938 pro
1719 3866 1958 3935 antiquis
1994 3868 2278 3937 regionum
2313 3878 2410 3917 uo—

317 3937 561 3989 minibus
596 3954 661 3989 ea
694 3954 971 4020 usurpare,
1006 3951 1143 4003 quae
1178 3937 1349 4005 ipsius
1384 3945 1641 4022 tempore
1663 3937 1869 3989 usitata
1891 3944 2072 3989 essent
2107 3944 2162 3988 et
2193 3933 2416 3987 omuino
2500 3958 2507 3965 ·

318 4007 502 4059 omniu
554 4023 683 4057 snae
735 4005 1033 4059 sententiae
1090 4009 1531 4072 accommodare,
1595 4005 1759 4065 sicuti
1787 4006 1987 4060 ‘studia
2037 4002 2095 4058 iu
2144 4000 2455 4057 milliaria

318 4076 569 4127 Romana
602 4085 952 4129 commutare.
1003 4076 1213 4161 Deinde
1248 4093 1376 4140 vero
1400 4094 1527 4131 eum
1550 4074 1788 4131 statuit
1769 4078 1826 4129 ιιι
1847 4075 1921 4157 iis
1941 4091 2079 4145 quae
2114 4074 2181 4126 de
2201 4070 2416 4127 Basilia

315 4144 507 4209 retulit
540 4160 648 4196 non
690 4151 939 4199 accurate
975 4144 1320 4219 excerpsisse.

1184 4362 1213 4370 -ο
