2792 4767
1120 386 1617 463 *ll-,-

334 544 894 659 illap'fundamenta⁴
925 586 1226 629 annorum
1281 568 1802 649 interpositorum
1850 568 2010 636 nihil
2052 574 2172 635 nisi
2210 554 2417 639 mera·

331 676 734 759 ‘conjecturas
777 694 916 736 esse
955 674 1148 735 facile
1190 674 1513 754 intelligis.
1594 676 1963 741 Mannertus
2007 679 2415 743 Aristotelem

331 778 579 875 Pythea
618 781 1042 864 posteriorem
1087 800 1224 843 eam
1266 783 1344 843 ob
1376 798 1639 844 causam·
1651 785 1994 866 judicavit,
2040 760 2209 866 quod
2244 789 2309 849 in
2337 788 2415 849 li-

337 888 508 951 bello
538 892 694 976 περὶ
732 879 996 976 κόσμου
1043 910 1098 950 c.
1143 890 1205 949 3.
1251 888 1403 951 duas
1445 892 1676 951 insulas
1718 892 2047 953 Albionem
2092 899 2159 954 et
2189 894 2423 955 Iliber-

325 998 499 1059 niam
542 1002 1098 1074 commemoraret,
1143 1014 1295 1075 quas
1336 1002 1487 1078 post
1512 998 1817 1077 Pytheam
1859 1000 2111 1061 tandem
2153 1018 2419 1080 cognos-

334 1114 486 1167 ‘cere
511 1108 842 1198 potuisset.
929 1108 1126 1212 Quam
1154 1106 1525 1167 sententiam
1552 1112 1625 1165 ut
1649 1106 2103 1184 refutaremus,
2144 1124 2225 1167 ne
2256 1124 2417 1187 opus

327 1208 595 1307 ‹quid'em
637 1216 808 1275 esset
847 1213 915 1274 id
958 1204 1228 1274 animum
1285 1211 1649 1287 advertere,
1716 1212 1885 1291 quod
1937 1213 2049 1273 ille
2087 1210 2342 1275 libellus
2380 1233 2418 1275 a

327 1318 582 1379 criticis
621 1320 951 1409 Aristoteli
995 1320 1419 1403 abjudicatur.
1493 1320 1821 1383 Postremo
1844 1319 1985 1379 lierl
2003 1338 2191 1399 posse
2236 1320 2419 1383 dubi-

331 1412 438 1503 to}
447 1420 549 1488 'u't
587 1428 869 1507 Pytheae
913 1434 1082 1489 aetas
1105 1430 1298 1515 certis
1320 1428 1629 1507 temporis
1658 1427 1987 1487 momentis
2015 1426 2418 1488 circumscri-

334 1535 552 1609 batur3
593 1540 664 1621 ut
693 1540 897 1595 tamen
925 1535 1280 1598 Alexandro
1314 1535 1638 1613 aequalem
1660 1534 1856 1594 fuisse
1886 1532 2173 1609 credam,
2205 1535 2419 1596 'tribus

329 1637 725 1722 'potissimum
764 1643 966 1704 rebus‘
998 1642 1299 1727 adducor.
1385 1640 1669 1720 Pytheae
1712 1642 1847 1703 aine
1892 1640 2084 1700 dubio
2130 1644 2415 1701 anteces-
2503 1646 2513 1655 ‘

329 1752 550 1837 serunt
589 1750 820 1815 itinera
861 1751 937 1811 ab
979 1750 1286 1811 Hannone
1332 1752 1397 1809 et
1432 1748 1789 1809 Himilcone
1830 1751 2127 1825 suscepta
2165 1745 2326 1810 Plin.
2352 1746 2437 1808 h..

219 1844 230 1864 ⁸
329 1876 392 1917 ιι.
433 1856 525 1934 11,
562 1848 688 1918 ⁰⁷1
749 1858 805 1920 A
847 1852 1111 1935 Polybio
1153 1856 1459 1937 Pytheam
1502 1856 1673 1915 inter
1712 1854 2106 1913 recentiores
2148 1871 2419 1932 geogra-

331 1962 494 2043 phos
548 1963 816 2023 relatum
875 1960 1200 2039 videmus,
1267 1982 1302 2023 a
1353 1960 1747 2023 Dicaearcho
1803 1978 1925 2040 pro
1978 1958 2207 2021 nullius
2259 1958 2415 2021 fidei

329 2069 585 2131 homine
625 2070 908 2130 habitum
949 2075 1015 2130 et
1057 2092 1090 2131 a
1133 2065 1392 2132 Timaeo
1438 2044 1775 2151 cognitum.

439 2196 444 2203 ·
497 2174 626 2254 Qui
663 2178 1115 2255 astronomiae,
1165 2178 1641 2240 mathematicae
1697 2180 1764 2235 et
1804 2174 2109 2254 physicae
2152 2194 2413 2256 operam

329 2289 664 2361 navarent,
725 2286 979 2346 eosdem
1023 2288 1366 2369 plerosque
1410 2306 1445 2346 a
1488 2272 1929 2364 philosophiae
1991 2281 2200 2343 studio
2243 2282 2414 2344 haud

326 2390 566 2453 ‘alienos
605 2392 802 2454 fuisse
847 2412 1110 2474 eamque
1155 2396 1234 2456 ob
1279 2412 1523 2455 causam
1546 2408 1671 2451 non
1702 2390 1792 2450 ita
1811 2408 1962 2449 raro
1994 2388 2413 2470 philosophos

325 2494 680 2579 appellatos
723 2520 862 2562 esse
921 2504 1071 2564 satis
1124 2506 1384 2564 constat.
1496 2496 2023 2561 Anaximandrum
2047 2546 2066 2578 ‚
2124 2499 2409 2563 Thaletis

325 2604 735 2685 discipulum,
791 2596 1240 2683 Hecataeum}
1268 2608 1627 2690 Eudoxum,
1666 2607 2123 2675 Dicaearchum
2165 2608 2412 2669 Aristo-

321 2706 617 2787 felicum,¹
653 2704 1681 2795 Eratosthenem,-Hipparch'am,
1721 2718 2054 2798 Polybium
2076 2721 2264 2795 atque
2286 2712 2410 2773 Po-

323 2816 636 2905 sidonium
682 2820 1016 2879 ‘nominare
1071 2820 1344 2894 suflicit,
1408 2820 1611 2879 Strab.
1664 2820 1704 2879 l.
1760 2817 1817 2880 1:
1858 2840 2001 2901 pag.
2046 2826 2109 2880 2.
2166 2840 2310 2899 pag.
2344 2802 2453 2879 3!

319 2918 419 2989 ἔτι
459 2915 542 2987 δὲ
577 2922 650 2985 οἱ
682 2917 860 3009 μετὰ
889 2913 1182 3000 τούτους
1219 2916 1743 3013 Ερατοσθὲνῃς
1789 2944 1866 2989 τε
1905 2927 2026 2989 καὶ
2060 2918 2405 2999 Πολύβιος

313 3036 480 3095 καὶ
508 3019 979 3107 Ποσειδώνιος
1063 3027 1310 3115 ανδρες
1376 3020 1811 3118 ξφιλόσοφοι
1850 3046 2014 3117 pag.
2097 3020 2197 3096 17.
2279 3053 2405 3095 ιιοιι

315 3144 519 3205 minus
571 3141 665 3202 in
687 3142 1138 3223 geographicis
1213 3146 1280 3200 et
1345 3138 1782 3205 astronomicis
1837 3142 2061 3205 studiis
2122 3147 2406 3245 versatos

212 3308 223 3321 ,
319 3266 504 3330 quam
544 3250 610 3309 in
661 3246 1141 3329 philosophicis.
1237 3247 1563 3327 Pytheas
1569 3268 1607 3309 a
1658 3250 2082 3311 Cleomedel.
2126 3250 2168 3309 l.
2212 3268 2401 3309 accu-

311 3356 468 3419 ratis
519 3356 731 3417 verbis
771 3354 1189 3437 philosophus
1231 3356 1626 3435 appellatur,
1690 3376 1728 3418 a
1769 3346 2203 3442 (Plutarcho)
2245 3372 2401 3417 vero

315 3462 397 3552 de
427 3458 670 3543 placitt.
713 3463 871 3544 phil.
912 3462 1018 3526 ΠΙ.
1062 3464 1162 3525 16.
1203 3464 1373 3524 inter
1417 3482 1528 3523 eos
1570 3462 1989 3545 philosophos
2032 3469 2405 3525 recensetur
2518 3528 2523 3535 ‚

316 3571 427 3649 qui
471 3568 552 3630 de
593 3576 770 3632 aestu
809 3570 1000 3631 maris
1061 3574 1128 3629 et
1168 3587 1428 3631 recessu
1471 3565 1815 3635 sententias
1871 3570 2277 3652 protulerunt
2317 3567 2400 3629 cf.
2455 3634 2461 3643 =
2582 3615 2591 3624 ,

319 3676 547 3738 Galen.
605 3678 767 3758 περὶ
819 3667 1153 3762 φιλοσόφ.
1208 3674 1520 3758 ἱστορίας
1563 3697 1620 3739 c.
1660 3676 1764 3739 22.
1844 3677 2085 3739 Medic.
2129 3674 2398 3739 Graece.

312 3797 466 3864 opp.
511 3780 612 3843 ed.
657 3782 724 3845 0.
751 3782 827 3845 G.
857 3784 939 3845 K
933 3784 1058 3845 ε’ἱῙιη
1096 3783 1217 3844 vol.
1249 3784 1428 3861 XIX,
1469 3803 1539 3865 p.
1560 3780 1707 3845 29⁰.
1750 3790 1816 3845 et
1854 3783 2127 3847 fortasse
2168 3801 2206 3842 a
2234 3781 2409 3843 Pho-

307 3890 402 3951 tio
447 3908 703 3971 quoque
744 3892 1134 3971 significatur
1173 3887 1328 3951 bibl.
1369 3909 1435 3970 p.
1474 3888 1621 3951 373.
1664 3889 1889 3953 Strabo
1929 3894 2139 3953 autem
2163 3886 2404 3979 Pythef

311 3999 388 4059 a'e
417 3994 896 4113 philosophiam
935 4017 1060 4060 non
1111 3998 1201 4063 ita
1256 4000 1465 4081 magni
1524 4001 1882 4061 aestimasse
1926 3996 2196 4080 apparet
2235 3996 2278 4056 l.
2320 3992 2398 4055 11.

307 4124 376 4187 p.
416 4102 588 4168 271.
606 4126 731 4187 quo
781 4106 928 4170 loco
981 4103 1313 4186 Pytheam
1341 4124 1486 4166 cum
1539 4086 1900 4191 Antiphane
1954 4110 2021 4165 et
2070 4103 2394 4169 Euemero

303 4203 883 4303 θαυματοποιόῦς
927 4212 1083 4275 dicit
1135 4211 1465 4276 mendacia
1522 4208 1948 4293 quaerentes,
1984 4202 2403 4275 Posidonium

304 4336 459 4386 vero
489 4340 570 4390 ex
599 4324 866 4389 adverso
895 4319 1270 4437 collocatum
1291 4310 1783 4386 ἀποδεικτικὸν
1816 4317 1937 4383 καὶ
1967 4302 2387 4402 φιλόσοφον.
